@misc{reactCreatingApp,
  title = {React – Creating a React App},
  year = {2025},
  url = {https://react.dev/learn/creating-a-react-app},
  note = {Acesso em: abril de 2025}
}

@misc{dockerReact,
  title = {How to Dockerize a React App},
  year = {2025},
  url = {https://www.docker.com/blog/how-to-dockerize-react-app/},
  note = {Acesso em: abril de 2025}
}

@misc{expoTutorial,
  title = {Expo – Official Tutorial},
  year = {2025},
  url = {https://docs.expo.dev/tutorial/introduction/},
  note = {Acesso em: abril de 2025}
}

@misc{expoCreateExpo,
  title = {Expo – Create Expo App},
  year = {2025},
  url = {https://docs.expo.dev/more/create-expo/},
  note = {Acesso em: abril de 2025}
}

@book{escudelario2022react,
  author    = {Diego Martins de Pinho and Bruna de Freitas Escudelario},
  title     = {React Native: Desenvolvimento de aplicativos mobile com React},
  publisher = {Casa do Código},
  year      = {2020},
  isbn      = {978-65-86110-09-8},
  url       = {https://www.casadocodigo.com.br/products/livro-react-native}
}

@misc{rocketseatExports,
  author = {Jean Oliveira},
  title = {React: Diferença entre Named e Default Exports},
  year = {2021},
  url = {https://blog.rocketseat.com.br/react-diferenca-entre-named-e-default-exports/},
  note = {Acesso em: abril de 2025}
}




@misc{rocketseatComponents,
  title = {Componentes e Propriedades no React},
  url = {https://blog.rocketseat.com.br/componentes-e-propriedades-no-react/},
  note = {Acesso em: abril de 2025}
}

@misc{reactComponentClass,
  title = {React – Componentes baseados em classe},
  url = {https://pt-br.legacy.reactjs.org/docs/react-component.html},
  note = {Acesso em: abril de 2025}
}



@misc{devtoComponentes,
  author = {Nascimento\_},
  title = {React: o que são componentes?},
  url = {https://dev.to/nascimento_/react-o-que-sao-componentes-40f0},
  note = {Acesso em: abril de 2025}
}
