@misc{djangoproject,
  author       = {{Django Software Foundation}},
  title        = {Django: The Web framework for perfectionists with deadlines},
  year         = {2024},
  url          = {https://www.djangoproject.com/},
  note         = {Acesso em: 02 abr. 2025}
}


@misc{mdndjango,
  author       = {{Mozilla Developer Network}},
  title        = {Django - Desenvolvimento Web no lado do servidor},
  year         = {2024},
  url          = {https://developer.mozilla.org/pt-BR/docs/Learn/Server-side/Django},
  note         = {Acesso em: 02 abr. 2025}
}


@misc{aluradjango,
  author       = {{Alura}},
  title        = {Django: conhe√ßa o framework Python para desenvolvimento web},
  year         = {2024},
  url          = {https://www.alura.com.br/artigos/django-framework},
  note         = {Acesso em: 02 abr. 2025}
}


